% This file was created with JabRef 2.6.
% Encoding: MacRoman

@BOOK{Espanola,
  title = {Diccionario de la Lengua Espa\~nola},
  author = {Real Academia Espa\~nola},
  edition = {Vig\'esima segunda edici\'on},
  note = {Consultado el 25 de mayo de 2007 de \url{rae.es}},
  owner = {vivianatrujillo},
  timestamp = {2010.06.18}
}

@BOOK{c,
  title = {Trabajando con Extreme Programming},
  publisher = {JGC Programaci\'on},
  author = {Sin autor},
  note = {Recuperado en Mayo de 2009 de \url{http://4.bp.blogspot.com/_p81ASENYuGw/TFtPqGZ-AtI/AAAAAAAAAUE/ZtY32vbXZt4/}},
  owner = {vivianatrujillo},
  timestamp = {2010.09.26}
}

@BOOK{android,
  title = {Android},
  author = {Open Handset Alliance},
  note = {Recuperado en junio de 2010 de \url{http://www.openhandsetalliance.com/android_overview.html}},
  owner = {vivianatrujillo},
  timestamp = {2010.06.14}
}

@BOOK{htcHero,
  title = {HTC Hero pictures},
  year = {2009},
  author = {GSM Arena},
  note = {\url{http://www.gsmarena.com/htc_hero-pictures-2861.php}},
  owner = {viviana},
  timestamp = {2009.12.03}
}

@BOOK{JulianAlbertoIzquierdoAyala2009,
  title = {Sistema de tareas y consulta de tr\'afico por posicionamiento global
	para dispositivos m\'oviles bajo la plataforma Android de Google},
  publisher = {Universidad Cat'olica Andr'es Bello},
  year = {2009},
  author = {Juli\'an Alberto Izquierdo Ayala and Rub\'en Antonio L\'opez Garc\'ia},
  pages = {22-23},
  note = {[Tesis]},
  abstract = {El presente trabajo se centra principalmente en dar a conocer las
	facilidades que ofrece la plataforma Android, como sistema operativo
	para dispositivos m\'oviles. A trav\'es de esta nueva tecnolog\'ia
	en ascenso, se pudieron conocer todas las oportunidades y funcionalidades
	que presente logrando integr\'andolas en una sola aplicaci\'on, que
	resumiera el uso de un dispositivo de posicionamiento global y la
	configuraci\'on de alarmas en un s\'olo sistema: el Sistema de tareas
	y consulta de tr\'afico por posicionamiento global.
	
	
	Durante el desarrollo de este trabajo se pudo comprender a cabalidad
	todas las herramientas que ofrece la tecnolog\'ia Android, incluso
	pudiendo llegar a conocer tecnolog'\ias similares, logrando conocer
	sus ventajas y desventajas sobre ellas.
	
	
	No s\'olo se logr\'o integrar funcionalidades de la tecnolog\'ia,
	sino solucionar necesidades reales de los usuarios de dispositivos
	m\'oviles con estas oportunidades: configurar alarmas y alertas alrededor
	de un lugar de preferencia del usuario, env’o de mensajes de texto
	y correos electr\'onicos de una manera autom\'atica, consultas acerca
	del tr\'afico en rutas muy transitadas en la ciudad de Caracas, y
	muchas otras operaciones a nivel gr\'afico que aproveche la funcionalidad
	del dispositivo GPS del tel\'efono celular.
	
	
	En este Trabajo de Grado se encontraron muchas limitaciones, restricciones
	y obst\'aculos que interfirieron en el desarrollo de la soluci\'on
	final. Sin embargo, Android dot\'o siempre al equipo de las herramientas
	necesarias para seguir adelante, apoyado de las decenas de comunidades
	de desarrolladores que como nosotros, se toparon con la curiosidad
	de adentrarse en el mundo de esta novedosa tecnolog\'ia.},
  owner = {vivianatrujillo},
  timestamp = {2010.08.28}
}

@BOOK{csp,
  title = {IEEE Computer Graphics and Applications},
  publisher = {IEEE Computer Society Press},
  year = {2001},
  author = {Ronald Azuma and Yohan Baillot and Reinhold Behringer and Steven
	Feiner and Simon Julier and Blair MacIntyr},
  volume = {21},
  pages = {34-47},
  note = {Recuperado en octubre de 2009 de \url{http://portal.acm.org/citation.cfm?id=61886}},
  owner = {viviana},
  timestamp = {2009.12.02}
}

@BOOK{Barredo1996,
  title = {Sistemas de informaci\'on geogr\'afica y evaluaci\'on multicriterio
	en la ordenaci\'on del territorio},
  year = {1996},
  author = {J.I. Barredo},
  address = {Madrid},
  owner = {vivianatrujillo},
  timestamp = {2010.06.25}
}

@BOOK{S.Mass1995,
  title = {Modelos de localizaci\'on asignaci\'on y evaluaci\'on multicriterio
	para la localizaci\'on de instalaciones no deseables},
  year = {1995},
  author = {J. Bosque and S. Mass},
  volume = {5},
  pages = {97-112},
  series = {Geogr\'afica},
  owner = {vivianatrujillo},
  timestamp = {2010.06.25}
}

@BOOK{ucema,
  title = {Interconexi\'on de redes entre dos operadores desregulados de acceso
	a Internet},
  publisher = {Telecom Argentina S.A. - UCEMA},
  year = {2005},
  author = {Nestor Bruno},
  address = {Argentina},
  owner = {viviana},
  timestamp = {2009.12.02}
}

@BOOK{Carmona,
  title = {Vicepresidente de Operaciones, Corporaci\'on Digitel GSM},
  author = {Frank Carmona},
  address = {Lugar de entrevista: Oficinas Digitel, Cubo negro, Caracas Venezuela},
  note = {Fecha de entrevista, 15 de Abril de 2010},
  owner = {vivianatrujillo},
  timestamp = {2010.06.25}
}

@BOOK{GarafulicCaviedes,
  title = {Geod\'esica Teor\'ia y Pr\'actica},
  publisher = {Universidad de Santiago de Chile},
  author = {Pedro Garafulic Caviedes},
  note = {Recuperado el 09 de Junio de 2010 de \url{http://www.ineter.gob.ni/Direcciones/Geodesia/Seccion_Temas_de_Geodesia/GeodesiaTeoriayPractica.pdf}},
  owner = {vivianatrujillo},
  timestamp = {2010.06.18}
}

@BOOK{Chacon2005,
  title = {Introducci\'on a la Teor\'ia de Grafos},
  publisher = {Universidad de Los andes. C\'atedra de Matem\'aticas Discretas},
  year = {2005},
  author = {Jos\'e Luis Chac\'on},
  address = {M\'erida, Venezuela},
  note = {Recuperado el 26 de Junio de 2010 de \url{http://webdelprofesor.ula.ve/ciencias/jlchacon/materias/discreta/grafos.pdf}},
  owner = {vivianatrujillo},
  timestamp = {2010.06.27}
}

@BOOK{(IEC),
  title = {Global System for Mobile Communications},
  author = {The International Engineering Consortium},
  note = {[Paper]. Recuperado en noviembre de 2009 de \url{http://www.google.com/url?sa=t&source=web&cd=2&ved=0CBoQFjAB&url=http%3A%2F%2Fburnsidetelecom.com%2Fwhitepapers%2Fgsm.pdf&ei=49p5TM--KYaKlweV7r2eCQ&usg=AFQjCNGZe1V5BLZtGaeaO0V4xT8Tfoo_Gw&sig2=8vbvP44VsyuGbn8n43XScg}},
  institution = {The International Engineering Consortium (IEC)},
  organization = {The International Engineering Consortium (IEC)},
  owner = {vivianatrujillo},
  timestamp = {2010.06.24}
}

@BOOK{mapaFisico,
  title = {Definici\'on de mapa f\'isico},
  author = {Definici\'on.de},
  note = {Recuperado en Mayo 2009 de \url{http://definicion.de/mapa-fisico/}},
  organization = {definicion.de},
  owner = {viviana},
  timestamp = {2009.10.29}
}

@BOOK{backbone,
  title = {Backbone definition},
  author = {Webster's New World Telecom Dictionary},
  note = {Recuperado el 01 de diciembre de 2009 de \url{http://www.yourdictionary.com/telecom/backbone}},
  owner = {viviana},
  timestamp = {2009.12.10}
}

@BOOK{b,
  title = {La corporaci\'on Digitel},
  author = {Corporaci\'on Digitel},
  note = {Recuperado el 22 de Junio de 2010 de \url{http://www.digitel.com.ve}},
  owner = {vivianatrujillo},
  timestamp = {2010.08.02}
}

@BOOK{Falcioni20deenerode2010,
  title = {Realidad aumentada en el m\'ovil},
  publisher = {movilion.com},
  year = {20 de enero de 2010},
  author = {Nicol\'as Falcioni},
  note = {Recuperado en febrero de 2010 de \url{http://www.canalpda.com/2010/01/20/9546-realidad+aumentada+movil}},
  owner = {vivianatrujillo},
  timestamp = {2010.06.24}
}

@BOOK{ClavijoEnricForner;TorrentCuevas,
  title = {Tecnolog\'ia GSM},
  author = {Clavijo Enric Forner and Carlos Torrent Cuevas and Rub\'en Mart\'i
	Mateu and Francisco Cordob\'es Gil and Pablo Mart\'inez Dimingo},
  note = {Recuperado el 19 de Junio de 2010 de \url{http://www.coopvgg.com.ar/alumnado-gomara/Files/gsm.pdf}},
  owner = {vivianatrujillo},
  timestamp = {2010.06.24}
}

@BOOK{Freddie20deMayodel2010,
  title = {Android 2.2 FroYo},
  year = {20 de Mayo del 2010},
  author = {Freddie},
  note = {Recuperado en junio de 2010 de \url{http://www.cristalab.com/blog/android-2.2-froyo-c87862l/}},
  owner = {vivianatrujillo},
  timestamp = {2010.06.15}
}

@BOOK{GalanGarcia2008,
  title = {Planaridad y Coloraci\'on. Grafos ponderados. Algoritmo de Dijkstra},
  publisher = {Universidad de M\'alaga, Departamento de Matem\'atica Aplicada},
  year = {2008},
  author = {Mar\'ia \'Angeles Gal\'an Garc\'ia},
  address = {M\'alaga, Espa\~na.},
  note = {Recuperado el 26 de Junio de 2010 de \url{http://www.matap.uma.es/profesor/magalan/MatDis/material/GrafosTema5_2_MatDiscreta.pdf}},
  owner = {vivianatrujillo},
  timestamp = {2010.06.27}
}

@BOOK{Geograf'ia2004,
  title = {Sistema Geod\'esico Nacional},
  year = {2004},
  author = {Direcci\'on General de Geograf\'ia},
  series = {Versi\'on 1.4},
  address = {D.F, M\'exico},
  owner = {vivianatrujillo},
  timestamp = {2010.06.24}
}

@BOOK{Herbert1960,
  title = {The New Science of Management Decision},
  publisher = {Harper and Row},
  year = {1960},
  author = {Simon Herbert},
  address = {New York, Estados Unidos},
  owner = {vivianatrujillo},
  timestamp = {2010.06.25}
}

@BOOK{artoolkit,
  title = {Realidad Aumentada: ARToolKit para animaci\'on de personajes},
  publisher = {Universidad Politcnica de Valencia},
  author = {Manuel Ibez Herrero},
  address = {Valencia, Espa\~na},
  owner = {viviana},
  timestamp = {2009.12.02}
}

@BOOK{Hurtado2005,
  title = {El Proceso de an\'alisis jer\'arquico (AHP) como herramienta para
	la toma de decisiones en la selecci\'on de proveedores},
  publisher = {Trabajo de grado (Licenciado en Investigaci\'on Operativa), Universidad
	Nacional de San Marcos. Facultad de Ciencias Matem\'aticas. EAP de
	Investigaci\'on Operativa.},
  year = {2005},
  author = {G\'erard Bruno Toskano Hurtado},
  address = {Lima, Per\'u},
  owner = {vivianatrujillo},
  timestamp = {2010.06.25}
}

@BOOK{igac,
  title = {El Uso de Mapas y Fotograf\'ias A\'ereas},
  year = {1990},
  author = {IGAC},
  volume = {2},
  address = {Bogot\'a, Colombia},
  owner = {viviana},
  timestamp = {2009.12.02}
}

@BOOK{16dejuniode2010,
  title = {Platform Versions},
  year = {16 de junio de 2010},
  author = {Google Inc.},
  note = {Recuperado el 18 de junio de 2010 de \url{http://developer.android.com/resources/dashboard/platform-versions.html}},
  owner = {vivianatrujillo},
  timestamp = {2010.06.18}
}

@BOOK{ZGDV2006,
  title = {ARCHEOGUIDE Overall Architecture Specification},
  year = {2006},
  author = {Intracom and ZGDV and IGD and PR and CCG and A\&C2000},
  note = {Recuperado en Mayo de 2009 de \url{http://archeoguide.intranet.gr/papers/D05_Architecture_Final.doc}},
  owner = {vivianatrujillo},
  timestamp = {2010.09.05}
}

@BOOK{Joskowicz2008,
  title = {Reglas y Pr\'acticas en eXtreme Programming},
  year = {2008},
  author = {Ing. Jos\'e Joskowicz},
  pages = {8},
  note = {Recuperado en Mayo de 2010},
  owner = {vivianatrujillo},
  timestamp = {2010.09.25}
}

@BOOK{julca,
  title = {Sistemas de comunicaciones orientadas a la descentralizaci\'on de
	las entidades p\'ublicas del pa\'is},
  year = {2002},
  author = {Jos Zul\'u Guevara Julca},
  address = {Lima, Per\'u},
  owner = {viviana},
  timestamp = {2009.12.02}
}

@BOOK{edge,
  title = {EDGE (Tasas de datos mejoradas para la evolucin de GSM)},
  year = {Actualizado el jueves, 16 de octubre de 2008, 15:43:33},
  author = {Kioskea},
  note = {Recuperado el 27 de Noviembre de 2009 de \url{http://es.kioskea.net/contents/telephonie-mobile/edge.php3}},
  organization = {Kioskea},
  owner = {viviana},
  timestamp = {2009.12.01}
}

@BOOK{topGSM,
  title = {Est\'andar GSM (Sistema global de comunicaciones m\'oviles)},
  year = {Actualizado el jueves, 16 de octubre de 2008, 15:43:33},
  author = {Kioskea},
  note = {Recuperado el 27 de Noviembre de 2009 de \url{http://es.kioskea.net/contents/telephonie-mobile/gsm.php3}},
  organization = {Kioskea},
  owner = {viviana},
  timestamp = {2009.12.01}
}

@BOOK{backboneDibujo,
  title = {Network Optimization},
  year = {2008},
  author = {Source Loop},
  note = {Recuperado el 01 de diciembre de 2009 de \url{http://0101.netclime.net/1_5/15f/160/26f/119755864048412.jpg}},
  owner = {viviana},
  timestamp = {2009.12.10}
}

@BOOK{SanchezTorrubiaM.G.2001,
  title = {Algoritmo de Dijkstra: Un tutorial interactivo},
  publisher = {VII Jornadas de Ense\~nanza Universitaria de la Inform\'atica (JENUI
	2001)},
  year = {2001},
  author = {S\'anchez Torrubia M.G. and Lozano Terrazas V.},
  address = {Palma de Mallorca, Espa\~na},
  owner = {vivianatrujillo},
  timestamp = {2010.06.27}
}

@BOOK{Mohring,
  title = {Video See-Through AR on Consumer Cell-Phones},
  author = {Mathias M\"{o}hring and Christian Lessig and and Oliver Bimber},
  address = {Weimar, Alemania},
  note = {Recuperado en Mayo de 2009 de \url{http://www.uni-weimar.de/medien/ar/Pub/Cell_Phone_AR.pdf}},
  owner = {vivianatrujillo},
  timestamp = {2010.09.10}
}

@BOOK{Mendez2008,
  title = {Caracterizaci\'on de la Cantera para Propagaci\'on de Se\~nales de
	RF},
  publisher = {Ingenier\'ia en Electr\'onica y Comunicaciones. Departamento de Computaci\'on,
	Electr\'onica, F\'isica e Innovaci\'on, Escuela de Ingenier\'ia y
	Ciencias,Universidad de las Am\'ericas Puebla},
  year = {2008},
  author = {A Flori\'an M\'endez},
  month = {Enero},
  note = {[Tesis]},
  owner = {vivianatrujillo},
  timestamp = {2010.08.02}
}

@BOOK{MauricioEscudey(eds.)1997,
  title = {Evaluaci\'on y decisi\'on multicriterio: reflexiones y experiencias},
  publisher = {UNESCO},
  year = {1997},
  author = {Eduardo Mart\'inez and Mauricio Escudey},
  address = {Santiago, Chile},
  owner = {vivianatrujillo},
  timestamp = {2010.06.25}
}

@BOOK{Mendoza2004,
  title = {Metodolog\'ias de Desarrollo de Software},
  year = {2004},
  author = {M. A. Mendoza},
  address = {Per\'u},
  owner = {vivianatrujillo},
  timestamp = {2010.09.25}
}

@BOOK{ramixed,
  title = {Merging Real and Virtual Worlds},
  year = {febrero de 1995},
  author = {Paul Milgram and David Drascic and Julius J. Grodski and Anu Restogi
	and Shumin Zhai and Chin Zhou},
  note = {Recuperado en junio de 2010 de \url{http://etclab.mie.utoronto.ca/people/david_dir/IMAGINA95/Imagina95.full.html}},
  owner = {vivianatrujillo},
  timestamp = {2010.06.14}
}

@BOOK{mf,
  year = {2009},
  author = {Tecnolog\'ia Abierta Mindforce},
  owner = {viviana},
  timestamp = {2009.12.03}
}

@BOOK{Moreno1991,
  title = {Modelizaci\'on cartogr\'afica de densidades mediante estimadores
	Kernel},
  year = {1991},
  editor = {Treballs de la Societat Catalana de Geografia},
  author = {A Moreno},
  pages = {155-170},
  owner = {vivianatrujillo},
  timestamp = {2010.06.25}
}

@BOOK{ncgia,
  title = {National Center for Geographic Information and Analysis},
  year = {1990},
  editor = {Universidad de California},
  author = {NCGIA},
  volume = {1},
  address = {Santa B\'arbara, California},
  __markedentry = {[viviana]},
  booktitle = {National Center for Geographic Information and Analysis (Vol.1)},
  owner = {viviana},
  timestamp = {2009.10.29}
}

@BOOK{OMS1981,
  title = {Preparaci\'on de indicadores para vigilar los progresos realizados
	en el logro de la salud para todos en el a\~no 2.000},
  year = {1981},
  author = {OMS},
  owner = {vivianatrujillo},
  timestamp = {2010.06.25}
}

@BOOK{SisInfGeo,
  title = {Sistema de Informaci\'on Geogr\'afica},
  author = {Enciclopedia Microsoft Encarta Online},
  note = {Recuperado en Mayo de 2009 de \url{http://mx.encarta.msn.com}},
  howpublished = {1997-2009},
  organization = {Enciclopedia Microsoft Encarta Online},
  owner = {viviana},
  timestamp = {2009.10.29}
}

@BOOK{xp,
  title = {eXtreme Programming},
  year = {2002},
  author = {Jos\'e Carlos Cortizo P\'erez and Miguel Ruiz Leyva and Diego Exp\'osito
	Gil},
  note = {Recuperado en Mayo de 2009 de \url{http://www.google.co.ve/url?sa=t\&source=web\&ct=res\&cd=1\&ved=0CAcQFjAA\&url=http%3A%2F%2Fwww.esp.uem.es%2Fjccortizo%2Fxp.pdf\&rct=j\&q=Cortizo+P%C3%A9rez+Jos%C3%A9+Carlos%2C+Gil+Diego+Exp%C3%B3sito+y+Ruiz+Leyva%2C+Miguel++eXtreme+Programming\&ei=V2kWS6q-CIbWlAer16TUBQ\&usg=AFQjCNFaneRYVuoR2mwlGK2XAwhG0TxN0w\&sig2=3aQWlFiA9JJ_6CKsJcFBHQ}},
  owner = {viviana},
  timestamp = {2009.12.02}
}

@BOOK{appRa,
  title = {Realidad Aumentada: el futuro de los m\'oviles},
  year = {27 de junio de 2008},
  author = {Ariel Palazzesi},
  note = {Recuperado en octubre de 2009 de \url{http://www.neoteo.com/Portals/0/imagenes/cache/3491x1500y1500.jpg}},
  owner = {viviana},
  timestamp = {2009.12.02}
}

@BOOK{Pitarresi,
  title = {Coordinadora de Planificaci\'on TX, Corporaci\'on Digitel GSM},
  author = {Ornella Pitarresi},
  address = {Lugar de entrevista: Oficinas Digitel, Cubo negro, Caracas Venezuela},
  owner = {vivianatrujillo},
  timestamp = {2010.06.25}
}

@BOOK{Rey,
  title = {Nociones de Geodesia},
  publisher = {Instituto Nicaraguense de Estudios Territoriales},
  author = {Jos\'e Franco Rey},
  note = {Recuperado el 14 de Junio de 2010 de \url{http://www.ineter.gob.ni/Direcciones/Geodesia/Seccion_Temas_de_Geodesia/NOCIONES_DE_GEODESIA_Y_GPS.PDF}},
  owner = {vivianatrujillo},
  timestamp = {2010.06.24}
}

@BOOK{Gfeller,
  title = {USING CAMERA EQUIPPED MOBILE PHONES FOR INTERACTING WITH REAL WORLD
	OBJECTS},
  author = {Michael Rohs and Beat Gfeller},
  note = {Recuperado en Mayo de 2009 de \url{http://www.vs.inf.ethz.ch/res/papers/rohs-gfeller-visualcodes-2004.pdf}},
  owner = {vivianatrujillo},
  timestamp = {2010.09.10}
}

@BOOK{OriolSallentRoig2003,
  title = {Principios de Comunicaciones M\'oviles},
  year = {2003},
  editor = {Edicions UPC},
  author = {Oriol Sallent Roig and VV Staff and Jos'e Luis Valenzuela Gonz\'alez
	and Ramon Agust\'i Comes},
  owner = {vivianatrujillo},
  timestamp = {2010.06.24}
}

@BOOK{SanchezEmilio,
  title = {Mejorando la gesti\'oon de historias de usuario en eXtreme Programming},
  publisher = {Departamento de Sistemas Inform\'aaticos y Computaci\'on Universidad
	Polit\'ecnica de Valencia},
  author = {Emilio A. S\'anchez and Patricio Letelier and Jos\'e H. Can\'os},
  address = {Valencia, Espa\~na},
  note = {Recuperado en Mayo de 2009 de \url{http://www.willydev.net/descargas/prev/XPCliente.pdf}},
  owner = {vivianatrujillo},
  timestamp = {2010.09.26}
}

@BOOK{Salazar2008,
  title = {Navegaci\'on A\'erea, Cartograf\'ia y Cosmografia},
  year = {2008},
  author = {Dagoberto Salazar},
  volume = {6},
  owner = {vivianatrujillo},
  timestamp = {2010.06.24}
}

@BOOK{JoseM.Sallan2003,
  title = {M\'etodos cuantitativos de organizaci\'on industrial},
  year = {2003},
  editor = {Edicions UPC},
  author = {Jos\'e M. Sall\'an and Albert Su\~n\'e and Vicen Fern\'andez and
	Joan B. Fonollosa},
  address = {Barcelona, Espa\~na},
  owner = {vivianatrujillo},
  timestamp = {2010.06.27}
}

@BOOK{sisGeo,
  title = {Sistemas de Informaci\'on Geogr\'afica},
  year = {1992},
  editor = {Rialp},
  author = {Joaqu\'in Bosque Sendra},
  address = {Madrid, Espa\~n},
  owner = {viviana},
  timestamp = {2009.12.02}
}

@BOOK{Jean-CharlesPomerol1997,
  title = {Decisiones multicriterio: fundamentos te\'oricos y utilizaci\'on
	pr\'actica},
  publisher = {Universidad de Alcal\'a},
  year = {1997},
  author = {Sergio and Jean Charles Pomerol},
  pages = {5-36},
  address = {Espa\~na},
  owner = {vivianatrujillo},
  timestamp = {2010.06.25}
}

@BOOK{ig,
  title = {Georreferenciaci\'on},
  author = {SIGIS},
  note = {Recuperado en Mayo de 2009 de \url{http://www.sigis.com.ve/index.php?option=com_content\&view=article\&id=52\&Itemid=62}},
  organization = {SIGIS},
  owner = {viviana},
  timestamp = {2009.11.05}
}

@BOOK{d,
  publisher = {Mixare},
  author = {sin autor},
  note = {Recuperado en Mayo de 2010 de \url{http://www.mixare.org/}},
  owner = {vivianatrujillo},
  timestamp = {2010.09.26}
}

@BOOK{Siwiak1995,
  title = {Radiowave Propagation and Antennas for Personal Communications},
  publisher = {Artech House Boston},
  year = {1995},
  author = {K Siwiak},
  address = {London, England},
  owner = {vivianatrujillo},
  timestamp = {2010.08.02}
}

@BOOK{modeloRA,
  title = {Modelo de Contexto para Realidad Aumentada},
  year = {2004},
  author = {Andr\'es Agudelo Toro},
  pages = {28},
  note = {Recuperado en noviembre de 2009 de \url{http://www.google.co.ve/url?sa=t\&source=web\&ct=res\&cd=1\&ved=0CAcQFjAA\&url=http%3A%2F%2Fagdtoro.googlepages.com%2Fagudelo04modelo.pdf\&rct=j\&q=Andr%C3%A9s+Agudelo+Toro.+Modelo+de+Contexto+para+Realidad+Aumentada.+2004.\&ei=TaoVS5xDkLCUB6aSnc4F\&usg=AFQjCNGrQEMp7o1QM4JkNFC96e6W2N4RJg\&sig2=KHhQi1Vbpaz6lXku4kFyvQ}},
  owner = {viviana},
  timestamp = {2009.12.01}
}

@BOOK{2002,
  title = {Manual para la evaluaci\'on del impacto socioecon\'omico y ambiental
	de los desastres Comisi\'on Econ\'omica para Am\'erica Latina y el
	Caribe (CEPAL) de las Naciones Unidas},
  year = {2002},
  author = {Naciones Unidas},
  owner = {vivianatrujillo},
  timestamp = {2010.06.24}
}

@BOOK{a,
  title = {Afirman que Ricardo Fern\'andez cerr\'o compra de Digitel},
  year = {2009},
  author = {El Universal},
  note = {Recuperado en enero de 2010 de \url{http://noticias.eluniversal.com/2009/09/18/eco_art_afirman-que-ricardo_1576453.shtml}},
  owner = {vivianatrujillo},
  timestamp = {2010.06.24}
}

@BOOK{sig,
  title = {Sistemas de Informaci\'on Georreferenciada},
  publisher = {Facultad de Arquitectura UNLl / UNR},
  year = {2003},
  author = {C'atedra de Urbanismo},
  owner = {vivianatrujillo},
  timestamp = {2010.06.24}
}

@BOOK{Vilchez,
  title = {Android 2.2, mejoras sobre Android 2.1},
  publisher = {26/04/2010},
  author = {Angel Vilchez},
  note = {Recuperado en junio de 2010 de \url{http://www.configurarequipos.com/actualidad-informatica/2104/android-22-mejoras-sobre-android-21}},
  owner = {vivianatrujillo},
  timestamp = {2010.06.15}
}

@BOOK{practicasXp,
  title = {Extreme Programming Agile Framework},
  year = {9 de Octubre de 2009},
  author = {Agustin Villena},
  note = {Recuperado en noviembre de 2009 de \url{http://www.slideboom.com/presentations/101688/La-Cultura-%C3%81gil-y-su-ecosistema}},
  owner = {viviana},
  timestamp = {2009.12.01}
}

@BOOK{Wagnera,
  title = {THE INVISIBLE TRAIN},
  author = {Daniel Wagner and Thomas Pintaric and Dieter Schmalstieg},
  note = {Recuperado en Mayo de 2009 de \url{http://studierstube.icg.tu-graz.ac.at/invisible_train/}},
  owner = {vivianatrujillo},
  timestamp = {2010.09.10}
}

@BOOK{Wagnerb,
  title = {Pose Tracking from Natural Features on Mobile Phones},
  author = {Daniel Wagner and Gerhard Reitmayr and Alessandro Mulloni andTom
	Drummond and Dieter Schmalstieg},
  note = {Recuperado en Mayo de 2009 de \url{http://www.icg.tugraz.at/pub/pdf/WAGNER_ISMAR08_NFT.pdf}},
  owner = {vivianatrujillo},
  timestamp = {2010.09.10}
}

@BOOK{Wagner,
  title = {First Steps Towards Handheld Augmented Reality},
  author = {Daniel Wagner and Dieter Schmalstieg},
  address = {Vienna, Austria},
  note = {Recuperado en Junio de 2009 de \url{http://www.ims.tuwien.ac.at/media/documents/publications/HandheldAR_ISWC03final.pdf}},
  owner = {vivianatrujillo},
  timestamp = {2010.09.05}
}

@BOOK{cicloXp,
  title = {Extreme Programming Project},
  year = {28 de Septiembre de 2009},
  author = {Don Wells},
  note = {Recuperado en Mayo de 2009 de \url{http://www.extremeprogramming.org/map/images/project.gif}},
  owner = {viviana},
  timestamp = {2009.12.01}
}

@comment{jabref-meta: selector_publisher:}

@comment{jabref-meta: selector_Goodchild, MF:}

@comment{jabref-meta: selector_Bosque Sendra J:}

@comment{jabref-meta: selector_journal:}

@comment{jabref-meta: selector_keywords:}

@comment{jabref-meta: selector_KK Kemp, eds:}

